<record><leader>00000cas a22000007a 4500</leader><controlfield tag="001">10296011</controlfield><controlfield tag="008">840113d19331957njudn ne      0    0eng d</controlfield><datafield ind1=" " ind2=" " tag="010"><subfield code="a">sn 84026140 </subfield></datafield><datafield ind1=" " ind2=" " tag="040"><subfield code="a">NPU</subfield><subfield code="b">eng</subfield><subfield code="c">NPU</subfield><subfield code="d">NPA</subfield><subfield code="d">NJW</subfield><subfield code="d">OCLCQ</subfield></datafield><datafield ind1=" " ind2=" " tag="042"><subfield code="a">msc</subfield></datafield><datafield ind1="0" ind2="0" tag="245"><subfield code="a">Morristown daily record.</subfield></datafield><datafield ind1="3" ind2="0" tag="246"><subfield code="a">Daily record</subfield></datafield><datafield ind1=" " ind2=" " tag="260"><subfield code="a">Morristown, N.J. :</subfield><subfield code="b">Norman B. Tomlison,</subfield><subfield code="c">1933-1957.</subfield></datafield><datafield ind1=" " ind2=" " tag="300"><subfield code="a">v. :</subfield><subfield code="b">ill. ;</subfield><subfield code="c">58 cm.</subfield></datafield><datafield ind1=" " ind2=" " tag="310"><subfield code="a">Daily (except Sun.)</subfield></datafield><datafield ind1="0" ind2=" " tag="362"><subfield code="a">Vol. 34, no. 77 (Sept. 25, 1933)-v. 58, no. 117 (Nov. 9, 1957).</subfield></datafield><datafield ind1=" " ind2=" " tag="500"><subfield code="a">"Morris County's daily for Morris County's readers."</subfield></datafield><datafield ind1=" " ind2=" " tag="500"><subfield code="a">Vol. 44, no. 95 (Oct. 15, 1943) includes 80th anniversary edition.</subfield></datafield><datafield ind1=" " ind2=" " tag="752"><subfield code="a">United States</subfield><subfield code="b">New Jersey</subfield><subfield code="c">Morris</subfield><subfield code="d">Morristown.</subfield></datafield><datafield ind1="0" ind2="0" tag="780"><subfield code="t">Daily record (Morristown, N.J. : 1900)</subfield><subfield code="w">(DLC)sn 88071082</subfield><subfield code="w">(OCoLC)12756540</subfield></datafield><datafield ind1="0" ind2="0" tag="785"><subfield code="t">Morris County's daily record</subfield><subfield code="w">(DLC)sn 88071083</subfield><subfield code="w">(OCoLC)12777515</subfield></datafield></record>